<record xmlns="http://www.loc.gov/MARC21/slim">
    <leader>06451ctm a2200649Ii 4500</leader>
    <controlfield tag="001">99900477832301852</controlfield>
    <controlfield tag="005">20200115084337.5</controlfield>
    <controlfield tag="008">180301q11011200fr 000 0 lat d</controlfield>
    <datafield ind1=" " ind2=" " tag="035">
        <subfield code="a">(OCoLC)1026484787</subfield>
    </datafield>
    <datafield ind1=" " ind2=" " tag="035">
        <subfield code="a">(OCoLC)on1026484787</subfield>
    </datafield>
    <datafield ind1=" " ind2=" " tag="035">
        <subfield code="a">(EXLNZ-01ALLIANCE_NETWORK)99324887609801451</subfield>
    </datafield>
    <datafield ind1=" " ind2=" " tag="040">
        <subfield code="a">ORU</subfield>
        <subfield code="b">eng</subfield>
        <subfield code="e">rda</subfield>
        <subfield code="c">ORU</subfield>
        <subfield code="d">OCLCQ</subfield>
        <subfield code="d">ORU</subfield>
        <subfield code="d">OCLCF</subfield>
    </datafield>
    <datafield ind1=" " ind2=" " tag="041">
        <subfield code="a">lat</subfield>
    </datafield>
    <datafield ind1=" " ind2=" " tag="049">
        <subfield code="a">MAIN</subfield>
    </datafield>
    <datafield ind1="0" ind2=" " tag="100">
        <subfield code="a">Gregory</subfield>
        <subfield code="b">I,</subfield>
        <subfield code="c">Pope,</subfield>
        <subfield code="d">approximately 540-604.</subfield>
    </datafield>
    <datafield ind1="1" ind2="0" tag="245">
        <subfield code="a">Dialogorum libri IV.</subfield>
    </datafield>
    <datafield ind1=" " ind2="0" tag="264">
        <subfield code="a">France or Italy ;</subfield>
        <subfield code="c">between 1101 and 1200.</subfield>
    </datafield>
    <datafield ind1=" " ind2=" " tag="300">
        <subfield code="a">124 leaves :</subfield>
        <subfield code="b">parchment ;</subfield>
        <subfield code="c">160 x 245 mm bound to 165 x 248 mm.</subfield>
    </datafield>
    <datafield ind1=" " ind2=" " tag="336">
        <subfield code="a">text</subfield>
        <subfield code="b">txt</subfield>
        <subfield code="2">rdacontent</subfield>
    </datafield>
    <datafield ind1=" " ind2=" " tag="337">
        <subfield code="a">unmediated</subfield>
        <subfield code="b">n</subfield>
        <subfield code="2">rdamedia</subfield>
    </datafield>
    <datafield ind1=" " ind2=" " tag="338">
        <subfield code="a">volume</subfield>
        <subfield code="b">nc</subfield>
        <subfield code="2">rdacarrier</subfield>
    </datafield>
    <datafield ind1="3" ind2=" " tag="510">
        <subfield code="a">Burk, J. (1847). Frere. Genealogical and Heraldic Dictionary of the
            Landed Gentry, Vol. I A-L. London, UK: Henry Colburn.</subfield>
    </datafield>
    <datafield ind1=" " ind2=" " tag="561">
        <subfield code="a">This manuscript was at a Genoan monastery at Quarto in the late 14th
            century. Inscription at foot of 1r: &quot;Iste liber est monasterii Sancte Ieronimi de
            Quarto. Reperie[t] Ieniensis (?) ordinis Sancte Marie Montis Oliveti.&quot; Last page
            has a prayer for the priest before saying mass. That and the partly erased dates and
            notes on the last page are in cursive hand of the 15th century. (May have been date of
            purchase. No. 134 on 1r is probably the library number.) 18th century bookplate on
            inside front cover: &quot;Sheppard Frere, Esq.&quot; (1712-1780) with heraldic
            achievement including &quot;two leopard heads in pales gules, between two
            flaunches&quot;. Crest: &quot;out of a ducal coronet or, an antelope&apos;s head argent,
            armed gold&quot;. Red oval stamp &quot;Roydon Hall Library&quot; (Sheppard Frere&apos;s
            residence and library) with same device. First flyleaf: bookplate with aster design and
            motto &quot;inter asteres, inter astra, Edward Sandford Burgess&quot;.</subfield>
    </datafield>
    <datafield ind1=" " ind2=" " tag="583">
        <subfield code="a">Item cataloged from existing description by C. Pierce and J. Fox, and in
            hand by Erika Milo and Ian Scott, July/August 2018.</subfield>
    </datafield>
    <datafield ind1=" " ind2=" " tag="540">
        <subfield code="a">All requests for permission to quote or publish from manuscripts must be
            submitted in writing to the Head of Special Collections &amp; University
            Archives.</subfield>
    </datafield>
    <datafield ind1=" " ind2=" " tag="541">
        <subfield code="a">Acquired by purchase and donation from Julia Burgess, circa
            1935-1924.</subfield>
    </datafield>
    <datafield ind1="1" ind2=" " tag="541">
        <subfield code="c">Donation/Purchase ;</subfield>
        <subfield code="a">Julia Burgess,</subfield>
        <subfield code="d">1935-1942.</subfield>
    </datafield>
    <datafield ind1=" " ind2=" " tag="520">
        <subfield code="a">Dialogorum Libri IV. Liber I ends f 22; II, f 45; III, f 82; IV, f 124.
            Gregory&apos;s dialogues with his favorite Deacon, intended to honor the memory of the
            saints of Italy and to edify and instruct his countrymen. In Book IV, Gregory attempts
            to strengthen their faith in the unseen by proving that the soul does not
            perish.</subfield>
    </datafield>
    <datafield ind1=" " ind2=" " tag="500">
        <subfield code="a">Manuscript codex.</subfield>
    </datafield>
    <datafield ind1=" " ind2=" " tag="500">
        <subfield code="a">Title devised by cataloger.</subfield>
    </datafield>
    <datafield ind1=" " ind2=" " tag="500">
        <subfield code="a">Collation: Gatherings of 8, the last of 6; signatures to 3, f. 82; 4, f.
            124. Book numbers at top recto.</subfield>
    </datafield>
    <datafield ind1=" " ind2=" " tag="500">
        <subfield code="a">Origin: Dr. Giuseppe Martini (probably Giuseppe Alfredo Martini,
            bibliophile and collector, 1870-1944), as recorded by Edward Sandford Burgess:
            &quot;Probable date, 1150-60. Ruled with sharp point in style of 12th century. After
            1300 green found in polychrome only. Written in North Italy, since it had been in a
            monastery at Genoa. Looks like the beautiful writing they did in Benedictine monastery,
            Morimondo, of the order of St. Justin, in the province of Pavia. There they write a
            peculiar and excellent hand like this.&quot; Date is confirmed by opinion of Mr. Minns
            (possibly Dr. Ellis Hovell Minns (1874-1953)), University reader in Paleography,
            Cambridge, England, as quoted in 1907 letter from rare books firm P. M. Barnard:
            &quot;It is 12th c...1150-75 Italian...Borne out by monastery inscription.&quot; Pierce
            and Fox argue that it is mid-12th century due to the single column layout and lack of
            letter fusion typical of later Gothic script. They assert it is not Italian due to the
            script angularity and the type of abbreviations.</subfield>
    </datafield>
    <datafield ind1=" " ind2=" " tag="500">
        <subfield code="a">Layout: Single column, 26 lines per page. Pricking on outer edges of some
            pages. Ruled with hardpoint stylus ruled, which on one page cut through the
            parchment.</subfield>
    </datafield>
    <datafield ind1=" " ind2=" " tag="500">
        <subfield code="a">Script: Rounded Gothic minuscule book hand in brown ink with
            rubrication.</subfield>
    </datafield>
    <datafield ind1=" " ind2=" " tag="500">
        <subfield code="a">Decoration: Two large initials, one in red and one in green, red, and
            blue. Many small initials in red or green, a few in blue. Each chapter heading has a red
            capital.</subfield>
    </datafield>
    <datafield ind1=" " ind2=" " tag="500">
        <subfield code="a">Shelfmark: Eugene, OR, Special Collections and University Archives,
            University of Oregon, MS 026.</subfield>
    </datafield>
    <datafield ind1=" " ind2=" " tag="500">
        <subfield code="a">Binding: parchment over thin boards, 4 thongs, spine lined with white
            evenweave fabric. Pastedown and flyleaf of thick rough paper. Written on spine in brown
            ink: &quot;S. Gregory Dialog.&quot; and two unintelligible lines.</subfield>
    </datafield>
    <datafield ind1=" " ind2=" " tag="500">
        <subfield code="a">Text begins: &quot;Incipit dialogus sci gregorii pape.&quot; Dialogue
            between Pope Gregory and his Deacon Peter, concerning remarkable events in the history
            of the Church, each narrative introduced by red caption, such as: &quot;De martyris
            monacho valerie puniciae.&quot; Each remark is preceded by two capitals: initial of
            speaker, and first word of sentence, in green and/or red.</subfield>
    </datafield>
    <datafield ind1=" " ind2=" " tag="546">
        <subfield code="a">In Latin.</subfield>
    </datafield>
    <datafield ind1=" " ind2=" " tag="506">
        <subfield code="a">RESTRICTED ORIGINAL. USE DIGITAL COPY ONLY:</subfield>
        <subfield code="b">Use of original only by permission of the rare books curator. Inquiries
            concerning this item should be directed, in writing, to the Public Services Librarian,
            Special Collections Department, UO Libraries, or electronically:</subfield>
        <subfield code="u"
            >https://library.uoregon.edu/special-collections/research-assistance.</subfield>
    </datafield>
    <datafield ind1=" " ind2="0" tag="650">
        <subfield code="a">Christian saints</subfield>
        <subfield code="z">Italy</subfield>
        <subfield code="v">Biography</subfield>
        <subfield code="v">Early works to 1800.</subfield>
    </datafield>
    <datafield ind1=" " ind2="0" tag="650">
        <subfield code="a">Manuscripts, Medieval</subfield>
        <subfield code="z">Oregon</subfield>
        <subfield code="z">Eugene.</subfield>
    </datafield>
    <datafield ind1=" " ind2="7" tag="650">
        <subfield code="a">Christian saints.</subfield>
        <subfield code="2">fast</subfield>
        <subfield code="0">(OCoLC)fst00859491</subfield>
    </datafield>
    <datafield ind1=" " ind2="7" tag="650">
        <subfield code="a">Manuscripts, Medieval.</subfield>
        <subfield code="2">fast</subfield>
        <subfield code="0">(OCoLC)fst01008422</subfield>
    </datafield>
    <datafield ind1=" " ind2="7" tag="651">
        <subfield code="a">Italy.</subfield>
        <subfield code="2">fast</subfield>
        <subfield code="0">(OCoLC)fst01204565</subfield>
    </datafield>
    <datafield ind1=" " ind2="7" tag="651">
        <subfield code="a">Oregon</subfield>
        <subfield code="z">Eugene.</subfield>
        <subfield code="2">fast</subfield>
        <subfield code="0">(OCoLC)fst01205922</subfield>
    </datafield>
    <datafield ind1="0" ind2="7" tag="630">
        <subfield code="a">Dialogi (Gregory I, Pope)</subfield>
        <subfield code="2">fast</subfield>
        <subfield code="0">(OCoLC)fst01362212</subfield>
    </datafield>
    <datafield ind1=" " ind2="0" tag="655">
        <subfield code="a">Manuscripts, Latin (medieval and modern).</subfield>
    </datafield>
    <datafield ind1=" " ind2="7" tag="655">
        <subfield code="a">Hagiographies (works).</subfield>
        <subfield code="2">aat</subfield>
    </datafield>
    <datafield ind1=" " ind2="7" tag="655">
        <subfield code="a">Early works.</subfield>
        <subfield code="2">fast</subfield>
        <subfield code="0">(OCoLC)fst01411636</subfield>
    </datafield>
    <datafield ind1="0" ind2="0" tag="600">
        <subfield code="a">Gregory</subfield>
        <subfield code="b">I,</subfield>
        <subfield code="c">Pope,</subfield>
        <subfield code="d">approximately 540-604.</subfield>
        <subfield code="t">Dialogi.</subfield>
    </datafield>
    <datafield ind1="2" ind2=" " tag="710">
        <subfield code="a">University of Oregon.</subfield>
        <subfield code="b">Libraries.</subfield>
        <subfield code="b">Special Collections &amp; University Archives.</subfield>
        <subfield code="k">Manuscript.</subfield>
        <subfield code="n">MS 026.</subfield>
    </datafield>
    <datafield ind1="1" ind2=" " tag="700">
        <subfield code="a">Burgess, Edward Sandford,</subfield>
        <subfield code="d">1855-1928,</subfield>
        <subfield code="e">former owner.</subfield>
    </datafield>
    <datafield ind1="1" ind2=" " tag="700">
        <subfield code="a">Burgess, Julia,</subfield>
        <subfield code="e">former owner.</subfield>
    </datafield>
    <datafield ind1=" " ind2=" " tag="851">
        <subfield code="a">Special Collections and University Archives,</subfield>
        <subfield code="c">University of Oregon, Eugene, OR 97403.</subfield>
    </datafield>
    <datafield ind1="8" ind2=" " tag="852">
        <subfield code="8">22329397520001852</subfield>
        <subfield code="b">SpecColl</subfield>
        <subfield code="c">spvault</subfield>
        <subfield code="h">MS 026</subfield>
    </datafield>
    <datafield ind1=" " ind2=" " tag="994">
        <subfield code="a">92</subfield>
        <subfield code="b">OCACL</subfield>
    </datafield>
</record>
